%%% -------- JOD references bib (Dec 12, 2019) -------------

% from now on I will only make https references live (red). 
% http will be displayed (\jodurll) but will not be color
% coded to give the user some warning 

@MANUAL{RKWHui:jdictionary,
  AUTHOR="Roger K.W. Hui and Kenneth E. Iverson",
  TITLE="{J} Dictionary",
  PUBLISHER="Iverson Software Inc.",
  ISBN="1-895721-15-6",
  YEAR="1998",
  NOTE="\jodnl The \emph{J Dictionary} is the definitive reference for the J programming
  language.  Printed versions of the J Dictionary were produced for early
  versions of J but now (2020) the J Dictionary exists as a set of \texttt{HTML} documents
  that are distributed with J and maintained online.  I yearn for a new
  printed edition of this magnificent book.
  \jodnl \jodurl{https://www.jsoftware.com/help/dictionary/title.htm}"}
  
@misc{jwiki:nuvoc,
  AUTHOR= "J Software Wiki",
  TITLE="\emph{{N}u{Voc} {W}iki}",
  MONTH=feb,
  YEAR="2023",
  NOTE="\jodnl The \emph{NuVoc J Wiki} is the single best current ``document''  describing the 
  J programming Programming Language. It is \emph{zealously}  maintained and refined by the J community.
  \jodnl \jodurl{https://code.jsoftware.com/wiki/NuVoc}"}
  
@misc{baker:jodpages,
  AUTHOR= "{J}ohn D. Baker",
  TITLE="\emph{{T}he {JOD} {P}age}",
  MONTH=mar,
  YEAR="2020",
  NOTE="\jodnl This website maintains references to all JOD related documents and downloads.
  \jodnl \jodurl{https://analyzethedatanotthedrivel.org/the-jod-page/}"}
  
@misc{baker:jodsource,
  AUTHOR= "{J}ohn D. Baker",
  TITLE="\texttt{jodsource} addon",
  MONTH=sep,
  YEAR="2008",
  NOTE="\jodnl \emph{J Wiki} download page for the \texttt{jodsource} addon. 
  \jodnl \jodurl{https://www.jsoftware.com/jwiki/Addons/general/jodsource}"}
  
@misc{baker:jod,
  AUTHOR= "{J}ohn D. Baker",
  TITLE="\texttt{jod} addon",
  MONTH=sep,
  YEAR="2008",
  NOTE="\jodnl \emph{J Wiki} download page for the \texttt{jod} addon. 
  \jodnl \jodurl{https://www.jsoftware.com/jwiki/Addons/general/jod}"}
  
@misc{baker:joddocument,
  AUTHOR= "{J}ohn D. Baker",
  TITLE="\texttt{joddocument} addon",
  MONTH=jun,
  YEAR="2012",
  NOTE="\jodnl \emph{J Wiki} download page for the \texttt{joddocument} addon. 
  \jodnl \jodurl{https://www.jsoftware.com/jwiki/Addons/general/joddocument}"}
 
@misc{wiki:hung,
  AUTHOR="Wikipedians",
  TITLE="Hungarian Notation",
  YEAR="2008",
  NOTE="\jodnl \emph{Wikipedia} entry for \emph{Hungarian Notation}: it's overwrought
  but conveys the essentials.
  \jodnl \jodurl{https://en.wikipedia.org/wiki/Hungarian_notation}"}
  
@misc{jwiki:jal,
  AUTHOR="Oleg Kobchenko and Chris Burke",
  TITLE="{JAL} {J} {A}pplication {L}ibrary",
  YEAR="2008",
  NOTE="\jodnl \emph{J Wiki} documentation about JAL: the J package manager.
  JAL, also called Pacman, is the main tool for downloading and installing J addons. 
  \jodnl \jodurl{https://www.jsoftware.com/jwiki/JAL/Package_Manager}"}
  
@misc{jwiki:pacman,
  AUTHOR="Chris Burke",
  TITLE="{Pacman} {J} {P}ackage {M}anager",
  YEAR="2019",
  NOTE="\jodnl \emph{J Wiki} documentation about Pacman: the J package manager.
  Early versions of Pacman were called JAL but Pacman is the preferred term.
  Pacman is the main tool for installing and maintaining J addons. 
  \jodnl \jodurl{https://code.jsoftware.com/wiki/Pacman}"}
  
@misc{knuth:web,
  AUTHOR="Donald Knuth",
  TITLE="Personal Website",
  YEAR="2008",
  NOTE="\jodnl The website of the legendary computer scientist Donald Knuth.  
  Knuth created the typesetting language \TeX\ in the 1970's and \TeX\ is still going
  strong!  Genius is hard to replace!
  \jodnl \jodurl{https://www-cs-faculty.stanford.edu/~knuth/}"}
  
@misc{jwiki:graphviz,
  AUTHOR="Oleg Kobchenko",
  TITLE="{J} {G}raphviz addon",
  YEAR="2008",
  NOTE="\jodnl \emph{J Wiki} download page for the \texttt{graphviz} addon. After 
  JOD this is my favorite J addon. Oleg Kobchenko has created a jewel for J users!
  \jodnl \jodurl{https://www.jsoftware.com/jwiki/Addons/graphics/graphviz}"}
  
@misc{commonlisp,
  AUTHOR="Guy L. Steele",
  TITLE="Common Lisp the Language, 2nd Edition",
  ISBN="1-55558-041-6",
  YEAR="1990",
  NOTE="\jodnl \emph{Common Lisp} is the industrial strength version of the 
  \texttt{LISP} family of programming languages.  It's star has been waning 
  since the late 1980's.  
  \jodnl \jodurl{https://www.cs.cmu.edu/Groups/AI/html/cltl/cltl2.html}"}
  
@misc{scheme,
  AUTHOR="Scheme Website",
  TITLE="Scheme",
  YEAR="2019",
  NOTE="\jodnl All about the \emph{Scheme} programming language. 
  \jodnl \jodurl{https://www.scheme.com/tspl4/}"}
  
@misc{scriptdoc,
  AUTHOR="Chris Burke",
  TITLE="\texttt{scriptdoc}",
  YEAR="2008",
  NOTE="\jodnl J documentation for the \texttt{scriptdoc} utility. 
  \jodnl \jodurl{https://www.jsoftware.com/help/user/scriptdoc.htm}"}
  
@misc{zippy,
  AUTHOR="Bill Griffith",
  TITLE="{O}fficial site of {Z}ippy the {P}inhead",
  YEAR="2011",
  NOTE="\jodnl Cartoonists get to the \emph{nub} of cultural matters; they
  are the J programmers of the visual arts.
  \jodnl \jodurl{https://www.zippythepinhead.com/}"}
  
@misc{gitsite,
  AUTHOR="Git Website",
  TITLE="{O}fficial {G}it Website",
  YEAR="2012",
  NOTE="\jodnl The Git version control website. 
  \jodnl \jodurl{https://git-scm.com/}"}
  
@misc{subvsite,
  AUTHOR="Subversion Website",
  TITLE="{O}fficial {S}ubversion Website",
  YEAR="2012",
  NOTE="\jodnl The Subversion version control website. 
  \jodnl \jodurll{https://subversion.tigris.org/}"}
  
@misc{fossilsite,
  AUTHOR="Fossil Website",
  TITLE="{O}fficial {F}ossil Website",
  YEAR="2019",
  NOTE="\jodnl The Fossil version control website. 
  \jodnl \jodurl{https://www.fossil-scm.org/home/doc/trunk/www/index.wiki}"}
  
@misc{dropbsite,
  AUTHOR="Dropbox Website",
  TITLE="{O}fficial {D}ropbox Website",
  YEAR="2012",
  NOTE="\jodnl The Dropbox file sharing and synchronization website. 
  \jodnl \jodurl{https://www.dropbox.com/}"}
  
@misc{jupytersite,
  AUTHOR="Jupyter Website",
  TITLE="{O}fficial {J}upyter Website",
  YEAR="2019",
  NOTE="\jodnl Jupyter notebooks are open source \emph{literate} programming and documentation tools. 
  They have attracted a wide following and are one of the more significant software developments in decades.
  \jodnl \jodurl{https://jupyter.org/}"}
  
