%%% -------- URL-Demo -------------
@manual{KEITH,
  author = "Keith Reckdahl",
  title  = "Using Imported Graphics in \LaTeXe\ Documents",
  year   = "1997",
  month  = dec,
  note   = "CTAN: \url{http://bakerjd99.googlepages.com/home}"}

%%% -------- URL-Demo -------------
@misc{GRANT,
  author = "Michael C. Grant and David Carlisle",
  title  = "The PSFrag system, version~3",
  year   = "1996",
  month  = nov,
  howpublished = "CTAN: \url{tex-archive/macros/latex/contrib/%
          psfrag/pfgguide.tex}"}
@inproceedings{dgv:wkidea,
   crossref  = {crypto:93},
   author    = {Daemen, Joan and Govaerts, Ren{\'{e}} and Vandewalle, Joos},
   title     = {Weak Keys for {IDEA}},
   annote    = {Discovery of a class of chosen-plaintext weak IDEA keys},
   pages     = {224--231}
}
